@inproceedings{tsai2006review,
  title={A review of multipath routing protocols: From wireless ad hoc to mesh networks},
  author={Tsai, Jack and Moors, Tim},
  booktitle={ACoRN early career researcher workshop on wireless multihop networking},
  volume={30},
  year={2006},
  organization={Citeseer}
}

@inproceedings{tao2005improving,
  title={Improving VoIP quality through path switching},
  author={Tao, Shu and Xu, Kuai and Estepa, Antonio and Gao, Teng Fei Lixin and Guerin, ROCH and Kurose, Jim and Towsley, Don and Zhang, Z-L},
  booktitle={Proceedings IEEE 24th Annual Joint Conference of the IEEE Computer and Communications Societies.},
  volume={4},
  pages={2268--2278},
  year={2005},
  organization={IEEE}
}

@inproceedings{kundel2022user,
  title={User Plane Hardware Acceleration in Access Networks: Experiences in Offloading Network Functions in Real 5G Deployments.},
  author={Kundel, Ralf and Meuser, Tobias and Koppe, Timo and Hark, Rhaban and Steinmetz, Ralf},
  booktitle={HICSS},
  pages={1--10},
  year={2022}
}

@article{goldenberg2004optimizing,
  title={Optimizing cost and performance for multihoming},
  author={Goldenberg, David K and Qiuy, Lili and Xie, Haiyong and Yang, Yang Richard and Zhang, Yin},
  journal={ACM SIGCOMM Computer Communication Review},
  volume={34},
  number={4},
  pages={79--92},
  year={2004},
  publisher={ACM New York, NY, USA}
}

@inproceedings{lange2015performance,
  title={Performance benchmarking of a software-based LTE SGW},
  author={Lange, Stanislav and Nguyen-Ngoc, Anh and Gebert, Steffen and Zinner, Thomas and Jarschel, Michael and K{\"o}psel, Andreas and Sune, Marc and Raumer, Daniel and Gallenm{\"u}ller, Sebastian and Carle, Georg and others},
  booktitle={2015 11th International Conference on Network and Service Management (CNSM)},
  pages={378--383},
  year={2015},
  organization={IEEE}
}

@article{tarique2009survey,
  title={Survey of multipath routing protocols for mobile ad hoc networks},
  author={Tarique, Mohammed and Tepe, Kemal E and Adibi, Sasan and Erfani, Shervin},
  journal={Journal of network and computer applications},
  volume={32},
  number={6},
  pages={1125--1143},
  year={2009},
  publisher={Elsevier}
}

@inproceedings{tschoke2021time,
  title={Time-sensitive networking over metropolitan area networks for remote industrial control},
  author={Tsch{\"o}ke, Simon and Lynker, Frederic and Buhr, Hauke and Schreiner, Florian and Willner, Alexander and Vick, Axel and Chemnitz, Moritz},
  booktitle={2021 IEEE/ACM 25th International Symposium on Distributed Simulation and Real Time Applications (DS-RT)},
  pages={1--4},
  year={2021},
  organization={IEEE}
}

@article{ganichev2010yamr,
  title={YAMR: Yet another multipath routing protocol},
  author={Ganichev, Igor and Dai, Bin and Godfrey, P Brighten and Shenker, Scott},
  journal={ACM SIGCOMM Computer Communication Review},
  volume={40},
  number={5},
  pages={13--19},
  year={2010},
  publisher={ACM New York, NY, USA}
}

@article{habib2007improving,
  title={Improving application QoS with residential multihoming},
  author={Habib, Ahsan and Chuang, John},
  journal={Computer Networks},
  volume={51},
  number={12},
  pages={3323--3337},
  year={2007},
  publisher={Elsevier}
}

@inproceedings{guo2004experiences,
  title={Experiences in building a multihoming load balancing system},
  author={Guo, Fanglu and Chen, Jiawu and Li, Wei and Chiueh, Tzi-cker},
  booktitle={IEEE INFOCOM 2004},
  volume={2},
  pages={1241--1251},
  year={2004},
  organization={IEEE}
}

@inproceedings{akella2003measurement,
  title={A measurement-based analysis of multihoming},
  author={Akella, Aditya and Maggs, Bruce and Seshan, Srinivasan and Shaikh, Anees and Sitaraman, Ramesh},
  booktitle={Proceedings of the 2003 conference on Applications, technologies, architectures, and protocols for computer communications},
  pages={353--364},
  year={2003}
}

@inproceedings{ergencc2021reliability,
  title={On the reliability of ieee 802.1 cb frer},
  author={Ergen{\c{c}}, Do{\u{g}}analp and Fischer, Mathias},
  booktitle={IEEE INFOCOM 2021-IEEE Conference on Computer Communications},
  pages={1--10},
  year={2021},
  organization={IEEE}
}

@inproceedings{tao2004application,
  title={Application-specific path switching: A case study for streaming video},
  author={Tao, Shu and Gu{\'e}rin, Roch},
  booktitle={Proceedings of the 12th annual ACM international conference on Multimedia},
  pages={136--143},
  year={2004}
}

@inproceedings{alwan2010multi,
  title={Multi-objective reliable multipath routing for wireless sensor networks},
  author={Alwan, Hind and Agarwal, Anjali},
  booktitle={2010 IEEE Globecom Workshops},
  pages={1227--1231},
  year={2010},
  organization={IEEE}
}

@article{prados2021asynchronous,
  title={Asynchronous time-sensitive networking for 5G backhauling},
  author={Prados-Garzon, Jonathan and Taleb, Tarik},
  journal={IEEE Network},
  volume={35},
  number={2},
  pages={144--151},
  year={2021},
  publisher={IEEE}
}

@article{zhang2016fundamentals,
  title={Fundamentals of heterogeneous backhaul designâ€”Analysis and optimization},
  author={Zhang, Gongzheng and Quek, Tony QS and Kountouris, Marios and Huang, Aiping and Shan, Hangguan},
  journal={IEEE Transactions on Communications},
  volume={64},
  number={2},
  pages={876--889},
  year={2016},
  publisher={IEEE}
}

@inproceedings{chen2020collaborative,
  title={A Collaborative Traffic Scheduling Mechanism for Multi-homed Networks},
  author={Chen, Fuqiao and Yin, Chenyang},
  booktitle={2020 IEEE 5th Information Technology and Mechatronics Engineering Conference (ITOEC)},
  pages={177--181},
  year={2020},
  organization={IEEE}
}

@article{akella2008performance,
  title={On the performance benefits of multihoming route control},
  author={Akella, Aditya and Maggs, Bruce and Seshan, Srinivasan and Shaikh, Anees},
  journal={IEEE/ACM Transactions on Networking},
  volume={16},
  number={1},
  pages={91--104},
  year={2008},
  publisher={IEEE}
}

@inproceedings{andreoli2017mobile,
  title={Mobile-aware scheduling for low latency backhaul over DOCSIS},
  author={Andreoli-Fang, Jennifer and Chapman, John T},
  booktitle={2017 IEEE 28th Annual International Symposium on Personal, Indoor, and Mobile Radio Communications (PIMRC)},
  pages={1--6},
  year={2017},
  organization={IEEE}
}

@article{huang2008multiconstrained,
  title={Multiconstrained QoS multipath routing in wireless sensor networks},
  author={Huang, Xiaoxia and Fang, Yuguang},
  journal={Wireless Networks},
  volume={14},
  number={4},
  pages={465--478},
  year={2008},
  publisher={Springer}
}

@article{capela2014multihoming,
  title={Multihoming and network coding: A new approach to optimize the network performance},
  author={Capela, Nelson and Sargento, Susana},
  journal={Computer Networks},
  volume={75},
  pages={18--36},
  year={2014},
  publisher={Elsevier}
}

@inproceedings{sheyibani2012reliable,
  title={A reliable and qos aware multi-path routing algorithm in wsns},
  author={Sheyibani, Reza and Sharififar, Elham and Khosronejad, Mahsa and Mazaheri, Mohammad Reza and Homayounfar, Behzad},
  booktitle={2012 Third International Conference on Emerging Intelligent Data and Web Technologies},
  pages={125--132},
  year={2012},
  organization={IEEE}
}

@inproceedings{nguyen2003path,
  title={Path diversity with forward error correction (pdf) system for packet switched networks},
  author={Nguyen, Thinh and Zakhor, Avideh},
  booktitle={IEEE INFOCOM 2003. Twenty-second Annual Joint Conference of the IEEE Computer and Communications Societies (IEEE Cat. No. 03CH37428)},
  volume={1},
  pages={663--672},
  year={2003},
  organization={IEEE}
}

@inproceedings{tao2004exploring,
  title={Exploring the performance benefits of end-to-end path switching},
  author={Tao, Shu and Xu, Kuai and Xu, Ying and Fei, Teng and Gao, Lixin and Guerin, Roch and Kurose, Jim and Towsley, Don and Zhang, Zhi-Li},
  booktitle={Proceedings of the joint international conference on Measurement and modeling of computer systems},
  pages={418--419},
  year={2004}
}

@inproceedings{bremler2002predicting,
  title={Predicting and bypassing end-to-end Internet service degradations},
  author={Bremler-Barr, Anat and Cohen, Edith and Kaplan, Haim and Mansour, Yishay},
  booktitle={Proceedings of the 2nd ACM SIGCOMM Workshop on Internet Measurment},
  pages={307--320},
  year={2002}
}

@article{zand2012wireless,
  title={Wireless industrial monitoring and control networks: The journey so far and the road ahead},
  author={Zand, Pouria and Chatterjea, Supriyo and Das, Kallol and Havinga, Paul},
  journal={Journal of sensor and actuator networks},
  volume={1},
  number={2},
  pages={123--152},
  year={2012},
  publisher={MDPI}
}

@article{li2016multipath,
  title={Multipath transmission for the internet: A survey},
  author={Li, Ming and Lukyanenko, Andrey and Ou, Zhonghong and Yl{\"a}-J{\"a}{\"a}ski, Antti and Tarkoma, Sasu and Coudron, Matthieu and Secci, Stefano},
  journal={IEEE Communications Surveys \& Tutorials},
  volume={18},
  number={4},
  pages={2887--2925},
  year={2016},
  publisher={IEEE}
}

@techreport{finn2019deterministic,
  title={Deterministic networking problem statement},
  author={Finn, Norman and Thubert, Pascal},
  year={2019}
}

@incollection{finn2019deterministic,
  title={Deterministic networking architecture},
  author={Finn, Norman and Thubert, Pascal and Varga, Balazs and Farkas, J{\'a}nos},
  booktitle={RFC 8655},
  year={2019},
  publisher={IETF}
}

@article{jaber20165g,
  title={5G backhaul challenges and emerging research directions: A survey},
  author={Jaber, Mona and Imran, Muhammad Ali and Tafazolli, Rahim and Tukmanov, Anvar},
  journal={IEEE access},
  volume={4},
  pages={1743--1766},
  year={2016},
  publisher={IEEE}
}

@inproceedings{xiong2006lightweight,
  title={A lightweight FEC algorithm for fault tolerant routing in wireless sensor networks},
  author={Xiong, Zhiqiang and Yang, Zongkai and Liu, Wei and Feng, Zhen},
  booktitle={2006 International Conference on Wireless Communications, Networking and Mobile Computing},
  pages={1--4},
  year={2006},
  organization={IEEE}
}

@inproceedings{apostolaki2021performance,
  title={Performance-driven internet path selection},
  author={Apostolaki, Maria and Singla, Ankit and Vanbever, Laurent},
  booktitle={Proceedings of the ACM SIGCOMM Symposium on SDN Research (SOSR)},
  pages={41--53},
  year={2021}
}

@article{chebrolu2006bandwidth,
  title={Bandwidth aggregation for real-time applications in heterogeneous wireless networks},
  author={Chebrolu, Kameswari and Rao, Ramesh R},
  journal={IEEE Transactions on Mobile Computing},
  volume={5},
  number={4},
  pages={388--403},
  year={2006},
  publisher={IEEE}
}

@article{stoica1997hierarchical,
  title={A hierarchical fair service curve algorithm for link-sharing, real-time and priority services},
  author={Stoica, Ion and Zhang, Hui and Ng, TS Eugene},
  journal={ACM SIGCOMM Computer Communication Review},
  volume={27},
  number={4},
  pages={249--262},
  year={1997},
  publisher={ACM New York, NY, USA}
}

@inproceedings{hoiland2018piece,
  title={Piece of CAKE: a comprehensive queue management solution for home gateways},
  author={H{\o}iland-J{\o}rgensen, Toke and T{\"a}ht, Dave and Morton, Jonathan},
  booktitle={2018 IEEE International Symposium on Local and Metropolitan Area Networks (LANMAN)},
  pages={37--42},
  year={2018},
  organization={IEEE}
}

@inproceedings{huang2007wimp,
  title={WiMP-SCTP: Multi-path transmission using stream control transmission protocol (SCTP) in wireless networks},
  author={Huang, Chung-Ming and Tsai, Ching-Hsien},
  booktitle={21st International Conference on Advanced Information Networking and Applications Workshops (AINAW'07)},
  volume={1},
  pages={209--214},
  year={2007},
  organization={IEEE}
}

@inproceedings{artiga2016terrestrial,
  title={Terrestrial-satellite integration in dynamic 5G backhaul networks},
  author={Artiga, Xavier and Nunez-Martinez, Jose and Perez-Neira, Ana and Vela, Gorka Juan Lendrino and Garcia, Juan Mario Fare and Ziaragkas, Georgios},
  booktitle={2016 8th advanced satellite multimedia systems conference and the 14th signal processing for space communications workshop (ASMS/SPSC)},
  pages={1--6},
  year={2016},
  organization={IEEE}
}

@inproceedings{rodriguez2004mar,
  title={Mar: A commuter router infrastructure for the mobile internet},
  author={Rodriguez, Pablo and Chakravorty, Rajiv and Chesterfield, Julian and Pratt, Ian and Banerjee, Suman},
  booktitle={Proceedings of the 2nd international conference on Mobile systems, applications, and services},
  pages={217--230},
  year={2004}
}

@inproceedings{deutschmann2022broadband,
  title={Broadband internet access via satellite: Performance measurements with different operators and applications},
  author={Deutschmann, Joerg and Hielscher, Kai-Steffen and German, Reinhard},
  booktitle={Broadband Coverage in Germany; 16th ITG-Symposium},
  pages={1--7},
  year={2022},
  organization={VDE}
}

@inproceedings{ma2023network,
  title={Network characteristics of LEO satellite constellations: A Starlink-based measurement from end users},
  author={Ma, Sami and Chou, Yi Ching and Zhao, Haoyuan and Chen, Long and Ma, Xiaoqiang and Liu, Jiangchuan},
  booktitle={IEEE INFOCOM 2023-IEEE Conference on Computer Communications},
  pages={1--10},
  year={2023},
  organization={IEEE}
}
