@article{versionVektor, 
    author={D. Stott Parker and Gerald J. Popek and Gerald Rudisin and Allen Stoughton and Bruce J. Walker and Evelyn Walton and Johanna M. Chow and David Edwards and Stephen Kiser and Charles Kline},
    journal={IEEE Transactions on Software Engineering},
    title={Detection of Mutual Inconsistency in Distributed Systems},
    year={1983},
    volume={SE-9},
    number={3},
    pages={240-247},
    publisher={IEEE}
}

@article{paxos1998,
    title={The part-time parliament},
    author={Lamport, Leslie},
    journal={ACM Transactions on Computer Systems},
    volume={16},
    number={2},
    pages={133--169},
    year={1998},
    publisher={ACM}
}

@article{paxos2001,
  title={Paxos made simple},
  author={Lamport, Leslie},
  journal={ACM Sigact News},
  volume={32},
  number={4},
  pages={18--25},
  year={2001}
}

@article{cassandra2010,
    title={Cassandra: a decentralized structured storage system},
    author={Lakshman, Avinash and Malik, Prashant},
    journal={ACM SIGOPS Operating Systems Review},
    volume={44},
    number={2},
    pages={35--40},
    year={2010},
    publisher={ACM}
}

@article{lamport1982byzantine,
    title={The Byzantine generals problem},
    author={Lamport, Leslie and Shostak, Robert and Pease, Marshall},
    journal={ACM Transactions on Programming Languages and Systems},
    volume={4},
    number={3},
    pages={382--401},
    year={1982},
    publisher={ACM}
}

@online{TheInquisitiveMind,
    editor = {{de.in-mind.org}},
    year={2018},
    title = {Ohnmacht – Ueber das Gefühl, das Leben nicht im Griff zu haben},
    url = {http://de.in-mind.org/article/ohnmacht-ueber-das-gefuehl-das-leben-nicht-im-griff-zu-haben},
    urldate = {2019-01-23}
}
